%% This BibTeX bibliography file was created using BibDesk.
%% http://bibdesk.sourceforge.net/

%% Created for Oliver Flum at 2017-03-12 23:08:04 +0100 


%% Saved with string encoding Unicode (UTF-8) 



@article{vr-history,
	Author = {Tomasz Mazuryk and Michael Gervautz},
	Date-Added = {2017-03-12 22:02:24 +0000},
	Date-Modified = {2017-03-12 22:03:43 +0000},
	Title = {Virtual Reality - History, Applications, Technology and Future}}

@url{leap-motion,
	Date-Added = {2017-03-12 21:58:36 +0000},
	Date-Modified = {2017-03-12 22:00:16 +0000},
	Title = {https://developer-archive.leapmotion.com/gallery/vr-keyboard}}
